@string{ JCP = {J. Comput. Phys.}}
@string{ JFM = {J. Fluid Mech.}}
@string{ CMP = {Comm. Math. Phys.}}
@string{ ApJ = {Astrophysical Journal}}
@string{ PR = {Phys. Rev.}}
@string{ CQG = {Classical Quantum Gravity}}
@string{ SSciCom = {SIAM J. Sci. Comput.}}

@Book{artvis3,
  author = 	 {J.D.~Anderson},
  title = 	 {{C}omputational {F}luid {D}ynamics - the {B}asics with {A}pplications},
  publisher = 	 {{M}c{G}raw-{H}ill},
  year = 	 {1995},
  OPTkey = 	 {},
  OPTeditor = 	 {},
  OPTvolume = 	 {},
  OPTnumber = 	 {},
  OPTseries = 	 {},
  OPTaddress = 	 {},
  OPTedition = 	 {},
  OPTmonth = 	 {},
  OPTnote = 	 {},
  OPTannote = 	 {}
}


@Article{semico,
  author =       {A.M.~Anile and N.~Nikiforakis and R.M.~Pidatella},
  title =        {Assessment of a high resolution centred scheme for 
the solution of hydrodynamical semiconductor equations.},
  journal =      SSciCom,
  year =         {2000},
  OPTkey =       {},
  volume =       {{\bf 22}},
  number =       {5},
  OPTmonth =     {},
  pages =        {1533-1548},
  OPTnote =      {},
  OPTannote =    {}
}


@Unpublished{hern,
  author =       {S.D.~Hern and A.M.~Anile and N.~Nikiforakis},
  title =        {A mesh refinement approach for hydrodynamical 
semiconductor simulations},
  note =         {(submitted to JCP)},
  OPTkey =       {},
  OPTyear =      {},
  OPTmonth =     {},
  OPTannote =    {}
}

@Article{benartzi,
  author = 	 {M.~Ben-Artzi},
  title = 	 {{A}pplication of the {G}eneralised {R}iemann {P}roblem {M}ethod to 1-{D} compressible flows with {I}nterfaces},
  journal = 	 JCP,
  year = 	 {1986},
  OPTkey = 	 {},
  volume = 	 {{\bf 65}},
  OPTnumber = 	 {},
  OPTmonth = 	 {},
  pages = 	 {170},
  OPTnote = 	 {},
  OPTannote = 	 {}
}

@Book{artvis3,
  author = 	 {J.D.~Anderson},
  title = 	 {{C}omputational {F}luid {D}ynamics -
    the {B}asics with {A}pplications},
  publisher = 	 {{M}c{G}raw-{H}ill},
  year = 	 {1995},
  OPTkey = 	 {},
  OPTeditor = 	 {},
  OPTvolume = 	 {},
  OPTnumber = 	 {},
  OPTseries = 	 {},
  OPTaddress = 	 {},
  OPTedition = 	 {},
  OPTmonth = 	 {},
  OPTnote = 	 {},
  OPTannote = 	 {}
}


@Article{benartzi,
  author = 	 {M.~Ben-Artzi},
  title = 	 {{A}pplication of the {G}eneralised
  {R}iemann {P}roblem {M}ethod to 1-{D} compressible flows with {I}nterfaces},
  journal = 	 JCP,
  year = 	 {1986},
  OPTkey = 	 {},
  volume = 	 {{\bf 65}},
  OPTnumber = 	 {},
  OPTmonth = 	 {},
  pages = 	 {170},
  OPTnote = 	 {},
  OPTannote = 	 {}
}

@Article{bergol,
  author = 	 {M.J.~Berger and J.~Oliger},
  title = 	 {{A}daptive {M}esh {R}efinement for {H}yperbolic {P}artial
                 {D}ifferential {E}quations},
  journal = 	 JCP,
  year = 	 {1984},
  OPTkey = 	 {},
  volume = 	 {{\bf 53}},
  OPTnumber = 	 {},
  OPTmonth = 	 {},
  pages = 	 {484--512},
  OPTnote = 	 {},
  OPTannote = 	 {}
}

@Article{ppm,
  author = 	 {P.~Colella and P.R.~Woodward},
  title = 	 {{T}he {P}iecewise-{P}arabolic
  {M}ethod ({PPM}) for {G}as-{D}ynamics},
  journal = 	 JCP,
  year = 	 {1984},
  OPTkey = 	 {},
  volume = 	 {{\bf 54}},
  OPTnumber = 	 {},
  OPTmonth = 	 {},
  pages = 	 {174},
  OPTnote = 	 {},
  OPTannote = 	 {}
}

@Article{godunov,
  author = 	 {S.~Godunov},
  title = 	 {{F}inite {D}ifference {M}ethod for {N}umerical
  {C}omputation of {D}iscontinuous {S}olutions of the {E}quations of {F}luid
  {D}ynamics},
  journal = 	 {Mat.~Sbornik},
  year = 	 {1959},
  OPTkey = 	 {},
  volume = 	 {{\bf 47}},
  OPTnumber = 	 {89},
  OPTmonth = 	 {},
  pages = 	 {3--271},
  OPTnote = 	 {},
  OPTannote = 	 {}
}

@Article{eno,
  author = 	 {A.~Harten and S.~Osher},
  title = 	 {{U}niformly {H}igh-{O}rder {A}ccurate
  {N}onoscillatory {S}chemes {I}},
  journal = 	 {{SIAM} Journal of Numerical Analysis},
  year = 	 {1987},
  OPTkey = 	 {},
  volume = 	 {{\bf 24}},
  OPTnumber = 	 {},
  OPTmonth = 	 {},
  pages = 	 {279},
  OPTnote = 	 {},
  OPTannote = 	 {}
}

@Article{clawpack,
  author = 	 {R.J.~LeVeque},
  title = 	 {Wave propagation algorithms for
  multi-dimensional hyperbolic systems},
  journal = 	 JCP,
  year = 	 {1997},
  OPTkey = 	 {},
  volume = 	 {{\bf 131}},
  OPTnumber = 	 {},
  OPTmonth = 	 {},
  pages = 	 {327--353},
  OPTnote = 	 {},
  OPTannote = 	 {}
}

@InCollection{leveque1,
  author = 	 {R.J.~LeVeque},
  title = 	 {{N}onlinear {C}onservation {L}aws and
  {F}inite {V}olume {M}ethods for {A}strophysical {F}luid {F}low},
  booktitle = 	 {{C}omputational {M}ethods for {A}strophysical 
                 {F}luid {F}low},
  OPTcrossref =  {},
  OPTkey = 	 {},
  publisher = {Springer-Verlag},
  year = 	 {1998},
  editor = 	 {O.~Steiner and A.~Gautschy},
  OPTvolume = 	 {},
  OPTnumber = 	 {},
  OPTseries = 	 {},
  OPTchapter = 	 {},
  OPTtype = 	 {},
  OPTaddress = 	 {},
  OPTedition = 	 {},
  OPTmonth = 	 {},
  OPTpages = 	 {},
  OPTnote = 	 {},
  OPTannote = 	 {}
}

@Article{srcbal,
  author = 	 {R.J.~LeVeque},
  title = 	 {{B}alancing {S}ource {T}erms and {F}lux
  {G}radients in {H}igh-{R}esolution {G}odunov {M}ethods: {T}he 
  {Q}uasi-{S}teady {W}ave-{P}ropagation {A}lgorithm},
  journal = 	 JCP,
  year = 	 {1998},
  OPTkey = 	 {},
  volume = 	 {{\bf 146}},
  OPTnumber = 	 {},
  OPTmonth = 	 {},
  pages = 	 {346--365},
  OPTnote = 	 {},
  OPTannote = 	 {}
}

@Article{sph,
  author = 	 {J.~Monaghan},
  title = 	 {{S}moothed {P}article {H}ydrodynamics},
  journal = 	 {{A}nnual {R}eview of {A}stronomy and {A}strophysics},
  year = 	 {1992},
  OPTkey = 	 {},
  volume = 	 {{\bf 30}},
  OPTnumber = 	 {},
  OPTmonth = 	 {},
  pages = 	 {543},
  OPTnote = 	 {},
  OPTannote = 	 {}
}

@Article{artvis1,
  author = 	 {J.~von~Neumann and R.D.~Richtmyer},
  title = 	 {??},
  journal = 	 {Journal of Applied Physics},
  year = 	 {1950},
  OPTkey = 	 {},
  volume = 	 {{\bf 21}},
  OPTnumber = 	 {},
  OPTmonth = 	 {},
  pages = 	 {232},
  OPTnote = 	 {},
  OPTannote = 	 {}
}

@Book{numrec,
  author = 	 {W.H.~Press and S.A.~Teukolsky and W.T.~Vetterling and B.P.~Flannery},
  title = 	 {{N}umerical {R}ecipes in {F}ortran 77: {T}he {A}rt of 
  {S}cientific {C}omputing},
  publisher = 	 {Cambridge {U}niversity {P}ress},
  year = 	 {1986},
  OPTkey = 	 {},
  OPTeditor = 	 {},
  OPTvolume = 	 {},
  OPTnumber = 	 {},
  OPTseries = 	 {},
  OPTaddress = 	 {},
  OPTedition = 	 {},
  OPTmonth = 	 {},
  OPTnote = 	 {},
  OPTannote = 	 {}
}

@Book{artvis2,
  author = 	 {R.D.~Richtmyer and K.W.~Morton},
  title = 	 {{D}ifference {M}ethods for initial value problems},
  publisher = 	 {Interscience},
  year = 	 {1967},
  OPTkey = 	 {},
  OPTeditor = 	 {},
  OPTvolume = 	 {},
  OPTnumber = 	 {},
  OPTseries = 	 {},
  OPTaddress = 	 {},
  OPTedition = 	 {},
  OPTmonth = 	 {},
  OPTnote = 	 {},
  OPTannote = 	 {}
}

@InCollection{toro2,
  author = 	 {E.F.~Toro},
  title = 	 {{P}rimitive, {C}onservative and {A}daptive
  {S}chemes for {H}yperbolic {C}onservation {L}aws},
  booktitle = 	 {{N}umerical {M}ethods
    for {W}ave {P}ropagation},
  OPTcrossref =  {},
  OPTkey = 	 {},
  publisher = {Kluwer},
  year = 	 {1998},
  editor = 	 {E.F.~Toro and C.~Clarke},
  OPTvolume = 	 {},
  OPTnumber = 	 {},
  OPTseries = 	 {},
  OPTchapter = 	 {},
  OPTtype = 	 {},
  OPTaddress = 	 {},
  OPTedition = 	 {},
  OPTmonth = 	 {},
  OPTpages = 	 {},
  OPTnote = 	 {},
  OPTannote = 	 {}
}

@TechReport{toroprim,
  author = 	 {E.F.~Toro},
  title = 	 {Defects of {C}onservative {M}ethods and
    {A}daptive {P}rimitive-{C}onservative {S}chemes for {C}omputing 
    {S}olutions to {H}yperbolic {C}onservation {L}aws},
  institution =  {Manchester Metropolitan University},
  year = 	 {1994},
  OPTkey = 	 {},
  OPTtype = 	 {},
  number = 	 {MMU-9401},
  OPTaddress = 	 {},
  OPTmonth = 	 {},
  OPTnote = 	 {},
  OPTannote = 	 {}
}

@Article{blastwave,
  author = 	 {P.~Woodward and P.~Colella},
  title = 	 {The numerical
  simulation of two-dimensional flow with strong shock waves},
  journal = 	 JCP,
  year = 	 {1984},
  OPTkey = 	 {},
  volume = 	 {{\bf 54}},
  OPTnumber = 	 {},
  OPTmonth = 	 {},
  pages = 	 {115--173},
  OPTnote = 	 {},
  OPTannote = 	 {}
}

@Book{Korn,
  author = 	 {T.W.~K{\"{o}}rner},
  title = 	 {The Pleasures of Counting},
  publisher = 	 {Cambridge University Press},
  year = 	 {1996},
  OPTkey = 	 {},
  OPTeditor = 	 {},
  OPTvolume = 	 {},
  OPTnumber = 	 {},
  OPTseries = 	 {},
  OPTaddress = 	 {},
  OPTedition = 	 {},
  OPTmonth = 	 {},
  OPTnote = 	 {},
  OPTannote = 	 {}
}

@Unpublished{primslic,
  author = 	 {I.~Hawke and N.~Nikiforakis},
  title = 	 {A generalisation of
  {T}oro's {S}lope {L}imited {C}entred {S}cheme},
  note = 	 {in preparation},
  OPTkey = 	 {},
  OPTyear = 	 {},
  OPTmonth = 	 {},
  OPTannote = 	 {}
}

@Article{sod,
  author = 	 {G.A.~Sod},
  title = 	 {A {S}urvey of {S}everal {F}inite--{D}ifference {M}ethods 
    for {S}ystems of {N}onlinear {H}yperbolic {C}onservation {L}aws},
  journal = 	 JCP,
  year = 	 {1978},
  OPTkey = 	 {},
  volume = 	 {{\bf 27}},
  OPTnumber = 	 {},
  OPTmonth = 	 {},
  pages = 	 {1--31},
  OPTnote = 	 {},
  OPTannote = 	 {}
}

@Article{tslic,
  author = 	 {E.F. Toro and S.J. Billet},
  title = 	 {Centred {TVD} schemes for hyperbolic conservation laws},
  journal = 	 {IMA J. Numer. Anal.},
  year = 	 {2000},
  OPTkey = 	 {},
  volume = 	 {{\bf 20}},
  OPTnumber = 	 {},
  OPTmonth = 	 {},
  pages = 	 {47--79},
  OPTnote = 	 {},
  OPTannote = 	 {}
}

